@techreport{petri1966kommunikation,
  title={Kommunikation mit Automaten. Bonn: Institut f{\"u}r Instrumentelle Mathematik, Schriften des IIM, No. 3 (1962); Also, English translation: Communication with Automata, Griffiss Air Force Base},
  author={Petri, CA},
  year={1966},
  institution={New York. Tech. Rep. RADC-TR. 1 (suppl. 1)}
}
@article{murata1989petri,
  title={Petri nets: Properties, analysis and applications},
  author={Murata, Tadao},
  journal={Proceedings of the IEEE},
  volume={77},
  number={4},
  pages={541--580},
  year={1989},
  publisher={IEEE}
}
@article{van1998application,
  title={The application of Petri nets to workflow management},
  author={Van der Aalst, Wil MP},
  journal={Journal of circuits, systems, and computers},
  volume={8},
  number={01},
  pages={21--66},
  year={1998},
  publisher={World Scientific}
}